@article{Aref2017,
  doi = {10.1093/comnet/cnx044},
  url = {https://doi.org/10.1093/comnet/cnx044},
  year = {2017},
  month = sep,
  publisher = {Oxford University Press ({OUP})},
  volume = {6},
  number = {4},
  pages = {566--595},
  author = {Samin Aref and Mark C Wilson},
  title = {Measuring partial balance in signed networks},
  journal = {Journal of Complex Networks}
}

@article{Belardo2014,
  doi = {10.1016/j.laa.2014.01.001},
  url = {https://doi.org/10.1016/j.laa.2014.01.001},
  year = {2014},
  month = apr,
  publisher = {Elsevier {BV}},
  volume = {446},
  pages = {133--147},
  author = {Francesco Belardo},
  title = {Balancedness and the least eigenvalue of Laplacian of signed graphs},
  journal = {Linear Algebra and its Applications}
}